@book{lol1,
	author = {David Diks},
	title = {LOL},
	date = {01-01-1970},
}

@online{dcent1,
	author = {d-centralize},
	title = {d-centralize projects},
	date = {31-08-2016},
	url = {http://d-centralize.nl/projects},
}

@online{angular1,
	author = {Angular team},
	title = {Migrating from Angular1 to Angular2},
	date = {10-12-2016},
	url = {https://angular.io/docs/ts/latest/guide/upgrade.html},
}

@online{stack1,
	author = {Sander Versluys},
	title = {What is meant by first class objects?},
	date = {01-04-2009},
	url = {http://stackoverflow.com/questions/705173/what-is-meant-by-first-class-object},
}
